@book{Wimmer2003,
  author = {Gejza Wimmer and Gabriel Altmann and Luděk Hřebíček and Slavomír Ondrejovič and Soňa Wimmerová},
  title = {Úvod do analýzy textov},
  publisher = {Veda},
  address = {Bratislava},
  year = {2003},
  edition = {1. vyd.},
  pagetotal = {344},
  isbn = {80-224-0756-9},
}

@book{ZieglerAltmann2002,
  author = {von Arne Ziegler and Gabriel Altmann},
  title = {Denotative Textanalyse},
  publisher = {Ed. Praesens},
  address = {Wien},
  year = {2002},
  isbn = {3-7069-0131-5},
}
